{
  "metadata": {
    "store_id": "GA",
    "store_name": "GA",
    "base": "TV_TOWER",
    "fiscal_year": "",
    "quarter": "3Q",
    "source_file": "TV2023_3Q.xlsx",
    "parsed_at": "2026-02-11T20:22:04.474519",
    "sheets": [
      "2023.10",
      "2023.11",
      "2023.12"
    ],
    "total_days": 92,
    "total_months": 3
  },
  "monthly_summary": [
    {
      "month": "2023-10",
      "channels": {
        "lunch": {
          "pax": 914,
          "sales": 4375885,
          "avg_spend": 4787.62
        },
        "dinner": {
          "pax": 621,
          "sales": 6034125,
          "avg_spend": 9716.79
        },
        "ld_total": {
          "pax": 1535,
          "sales": 10410010
        },
        "takeout": {
          "pax": 301,
          "sales": 223480
        },
        "banquet": {
          "pax": 96,
          "sales": 503756
        },
        "beer_garden": {
          "pax": 76,
          "sales": 126240
        },
        "all_channels": {
          "sales": 11141936
        }
      }
    },
    {
      "month": "2023-11",
      "channels": {
        "lunch": {
          "pax": 814,
          "sales": 3542255,
          "avg_spend": 4351.66
        },
        "dinner": {
          "pax": 468,
          "sales": 5416730,
          "avg_spend": 11574.21
        },
        "ld_total": {
          "pax": 1282,
          "sales": 8950185
        },
        "takeout": {
          "pax": 262,
          "sales": 231790
        },
        "banquet": {
          "pax": 244,
          "sales": 1273470
        },
        "beer_garden": {
          "pax": 0,
          "sales": 0
        },
        "all_channels": {
          "sales": 10369095
        }
      }
    },
    {
      "month": "2023-12",
      "channels": {
        "lunch": {
          "pax": 980,
          "sales": 4503300,
          "avg_spend": 4595.2
        },
        "dinner": {
          "pax": 886,
          "sales": 11467190,
          "avg_spend": 12942.65
        },
        "ld_total": {
          "pax": 1866,
          "sales": 15904490
        },
        "takeout": {
          "pax": 283,
          "sales": 246570
        },
        "banquet": {
          "pax": 474,
          "sales": 2525751
        },
        "beer_garden": {
          "pax": 0,
          "sales": 0
        },
        "all_channels": {
          "sales": 18424471
        }
      }
    }
  ],
  "daily_data": [
    {
      "date": "2023-10-01",
      "weekday": 6,
      "channels": {
        "lunch": {
          "pax": 32,
          "sales": 185830
        },
        "dinner": {
          "pax": 14,
          "sales": 120560
        },
        "takeout": {
          "pax": 11,
          "sales": 9860
        },
        "banquet": {
          "pax": 0,
          "sales": 0
        },
        "beer_garden": {
          "pax": 76,
          "sales": 126240
        }
      }
    },
    {
      "date": "2023-10-02",
      "weekday": 0,
      "channels": {
        "lunch": {
          "pax": 33,
          "sales": 123140
        },
        "dinner": {
          "pax": 9,
          "sales": 152460
        },
        "takeout": {
          "pax": 13,
          "sales": 8380
        },
        "banquet": {
          "pax": 0,
          "sales": 0
        },
        "beer_garden": {
          "pax": 0,
          "sales": 0
        }
      }
    },
    {
      "date": "2023-10-03",
      "weekday": 1,
      "channels": {
        "lunch": {
          "pax": 24,
          "sales": 105190
        },
        "dinner": {
          "pax": 26,
          "sales": 334440
        },
        "takeout": {
          "pax": 4,
          "sales": 2800
        },
        "banquet": {
          "pax": 34,
          "sales": 138591
        },
        "beer_garden": {
          "pax": 0,
          "sales": 0
        }
      }
    },
    {
      "date": "2023-10-04",
      "weekday": 2,
      "channels": {
        "lunch": {
          "pax": 25,
          "sales": 112350
        },
        "dinner": {
          "pax": 18,
          "sales": 171600
        },
        "takeout": {
          "pax": 2,
          "sales": 1300
        },
        "banquet": {
          "pax": 0,
          "sales": 0
        },
        "beer_garden": {
          "pax": 0,
          "sales": 0
        }
      }
    },
    {
      "date": "2023-10-05",
      "weekday": 3,
      "channels": {
        "lunch": {
          "pax": 30,
          "sales": 143130
        },
        "dinner": {
          "pax": 20,
          "sales": 263280
        },
        "takeout": {
          "pax": 5,
          "sales": 3050
        },
        "banquet": {
          "pax": 0,
          "sales": 0
        },
        "beer_garden": {
          "pax": 0,
          "sales": 0
        }
      }
    },
    {
      "date": "2023-10-06",
      "weekday": 4,
      "channels": {
        "lunch": {
          "pax": 24,
          "sales": 90850
        },
        "dinner": {
          "pax": 26,
          "sales": 294090
        },
        "takeout": {
          "pax": 5,
          "sales": 3400
        },
        "banquet": {
          "pax": 0,
          "sales": 0
        },
        "beer_garden": {
          "pax": 0,
          "sales": 0
        }
      }
    },
    {
      "date": "2023-10-07",
      "weekday": 5,
      "channels": {
        "lunch": {
          "pax": 30,
          "sales": 146380
        },
        "dinner": {
          "pax": 30,
          "sales": 277300
        },
        "takeout": {
          "pax": 24,
          "sales": 17340
        },
        "banquet": {
          "pax": 0,
          "sales": 0
        },
        "beer_garden": {
          "pax": 0,
          "sales": 0
        }
      }
    },
    {
      "date": "2023-10-08",
      "weekday": 6,
      "channels": {
        "lunch": {
          "pax": 30,
          "sales": 170970
        },
        "dinner": {
          "pax": 30,
          "sales": 340640
        },
        "takeout": {
          "pax": 13,
          "sales": 12260
        },
        "banquet": {
          "pax": 0,
          "sales": 0
        },
        "beer_garden": {
          "pax": 0,
          "sales": 0
        }
      }
    },
    {
      "date": "2023-10-09",
      "weekday": 0,
      "channels": {
        "lunch": {
          "pax": 30,
          "sales": 163730
        },
        "dinner": {
          "pax": 12,
          "sales": 104990
        },
        "takeout": {
          "pax": 7,
          "sales": 4100
        },
        "banquet": {
          "pax": 0,
          "sales": 0
        },
        "beer_garden": {
          "pax": 0,
          "sales": 0
        }
      }
    },
    {
      "date": "2023-10-10",
      "weekday": 1,
      "channels": {
        "lunch": {
          "pax": 22,
          "sales": 118380
        },
        "dinner": {
          "pax": 14,
          "sales": 163400
        },
        "takeout": {
          "pax": 8,
          "sales": 6750
        },
        "banquet": {
          "pax": 0,
          "sales": 0
        },
        "beer_garden": {
          "pax": 0,
          "sales": 0
        }
      }
    },
    {
      "date": "2023-10-11",
      "weekday": 2,
      "channels": {
        "lunch": {
          "pax": 27,
          "sales": 98120
        },
        "dinner": {
          "pax": 9,
          "sales": 134260
        },
        "takeout": {
          "pax": 7,
          "sales": 4100
        },
        "banquet": {
          "pax": 0,
          "sales": 0
        },
        "beer_garden": {
          "pax": 0,
          "sales": 0
        }
      }
    },
    {
      "date": "2023-10-12",
      "weekday": 3,
      "channels": {
        "lunch": {
          "pax": 25,
          "sales": 110050
        },
        "dinner": {
          "pax": 5,
          "sales": 45520
        },
        "takeout": {
          "pax": 4,
          "sales": 5040
        },
        "banquet": {
          "pax": 0,
          "sales": 0
        },
        "beer_garden": {
          "pax": 0,
          "sales": 0
        }
      }
    },
    {
      "date": "2023-10-13",
      "weekday": 4,
      "channels": {
        "lunch": {
          "pax": 27,
          "sales": 115270
        },
        "dinner": {
          "pax": 28,
          "sales": 226260
        },
        "takeout": {
          "pax": 8,
          "sales": 4830
        },
        "banquet": {
          "pax": 0,
          "sales": 0
        },
        "beer_garden": {
          "pax": 0,
          "sales": 0
        }
      }
    },
    {
      "date": "2023-10-14",
      "weekday": 5,
      "channels": {
        "lunch": {
          "pax": 35,
          "sales": 172150
        },
        "dinner": {
          "pax": 30,
          "sales": 278200
        },
        "takeout": {
          "pax": 16,
          "sales": 10750
        },
        "banquet": {
          "pax": 0,
          "sales": 0
        },
        "beer_garden": {
          "pax": 0,
          "sales": 0
        }
      }
    },
    {
      "date": "2023-10-15",
      "weekday": 6,
      "channels": {
        "lunch": {
          "pax": 35,
          "sales": 154270
        },
        "dinner": {
          "pax": 22,
          "sales": 169860
        },
        "takeout": {
          "pax": 6,
          "sales": 4180
        },
        "banquet": {
          "pax": 0,
          "sales": 0
        },
        "beer_garden": {
          "pax": 0,
          "sales": 0
        }
      }
    },
    {
      "date": "2023-10-16",
      "weekday": 0,
      "channels": {
        "lunch": {
          "pax": 14,
          "sales": 44440
        },
        "dinner": {
          "pax": 10,
          "sales": 141990
        },
        "takeout": {
          "pax": 6,
          "sales": 4000
        },
        "banquet": {
          "pax": 0,
          "sales": 0
        },
        "beer_garden": {
          "pax": 0,
          "sales": 0
        }
      }
    },
    {
      "date": "2023-10-17",
      "weekday": 1,
      "channels": {
        "lunch": {
          "pax": 36,
          "sales": 158780
        },
        "dinner": {
          "pax": 20,
          "sales": 172980
        },
        "takeout": {
          "pax": 14,
          "sales": 9700
        },
        "banquet": {
          "pax": 0,
          "sales": 0
        },
        "beer_garden": {
          "pax": 0,
          "sales": 0
        }
      }
    },
    {
      "date": "2023-10-18",
      "weekday": 2,
      "channels": {
        "lunch": {
          "pax": 37,
          "sales": 178720
        },
        "dinner": {
          "pax": 19,
          "sales": 185560
        },
        "takeout": {
          "pax": 11,
          "sales": 6780
        },
        "banquet": {
          "pax": 0,
          "sales": 0
        },
        "beer_garden": {
          "pax": 0,
          "sales": 0
        }
      }
    },
    {
      "date": "2023-10-19",
      "weekday": 3,
      "channels": {
        "lunch": {
          "pax": 26,
          "sales": 117780
        },
        "dinner": {
          "pax": 17,
          "sales": 177290
        },
        "takeout": {
          "pax": 4,
          "sales": 3150
        },
        "banquet": {
          "pax": 17,
          "sales": 88740
        },
        "beer_garden": {
          "pax": 0,
          "sales": 0
        }
      }
    },
    {
      "date": "2023-10-20",
      "weekday": 4,
      "channels": {
        "lunch": {
          "pax": 28,
          "sales": 144550
        },
        "dinner": {
          "pax": 30,
          "sales": 260730
        },
        "takeout": {
          "pax": 6,
          "sales": 6360
        },
        "banquet": {
          "pax": 0,
          "sales": 0
        },
        "beer_garden": {
          "pax": 0,
          "sales": 0
        }
      }
    },
    {
      "date": "2023-10-21",
      "weekday": 5,
      "channels": {
        "lunch": {
          "pax": 33,
          "sales": 193380
        },
        "dinner": {
          "pax": 36,
          "sales": 324940
        },
        "takeout": {
          "pax": 14,
          "sales": 13910
        },
        "banquet": {
          "pax": 0,
          "sales": 0
        },
        "beer_garden": {
          "pax": 0,
          "sales": 0
        }
      }
    },
    {
      "date": "2023-10-22",
      "weekday": 6,
      "channels": {
        "lunch": {
          "pax": 35,
          "sales": 202580
        },
        "dinner": {
          "pax": 27,
          "sales": 187630
        },
        "takeout": {
          "pax": 13,
          "sales": 11530
        },
        "banquet": {
          "pax": 0,
          "sales": 0
        },
        "beer_garden": {
          "pax": 0,
          "sales": 0
        }
      }
    },
    {
      "date": "2023-10-23",
      "weekday": 0,
      "channels": {
        "lunch": {
          "pax": 27,
          "sales": 120820
        },
        "dinner": {
          "pax": 10,
          "sales": 76780
        },
        "takeout": {
          "pax": 8,
          "sales": 5000
        },
        "banquet": {
          "pax": 0,
          "sales": 0
        },
        "beer_garden": {
          "pax": 0,
          "sales": 0
        }
      }
    },
    {
      "date": "2023-10-24",
      "weekday": 1,
      "channels": {
        "lunch": {
          "pax": 36,
          "sales": 174790
        },
        "dinner": {
          "pax": 22,
          "sales": 183450
        },
        "takeout": {
          "pax": 6,
          "sales": 4630
        },
        "banquet": {
          "pax": 0,
          "sales": 0
        },
        "beer_garden": {
          "pax": 0,
          "sales": 0
        }
      }
    },
    {
      "date": "2023-10-25",
      "weekday": 2,
      "channels": {
        "lunch": {
          "pax": 32,
          "sales": 131250
        },
        "dinner": {
          "pax": 7,
          "sales": 82100
        },
        "takeout": {
          "pax": 13,
          "sales": 9830
        },
        "banquet": {
          "pax": 0,
          "sales": 0
        },
        "beer_garden": {
          "pax": 0,
          "sales": 0
        }
      }
    },
    {
      "date": "2023-10-26",
      "weekday": 3,
      "channels": {
        "lunch": {
          "pax": 31,
          "sales": 133360
        },
        "dinner": {
          "pax": 20,
          "sales": 239290
        },
        "takeout": {
          "pax": 10,
          "sales": 5060
        },
        "banquet": {
          "pax": 13,
          "sales": 109385
        },
        "beer_garden": {
          "pax": 0,
          "sales": 0
        }
      }
    },
    {
      "date": "2023-10-27",
      "weekday": 4,
      "channels": {
        "lunch": {
          "pax": 29,
          "sales": 138880
        },
        "dinner": {
          "pax": 27,
          "sales": 167830
        },
        "takeout": {
          "pax": 14,
          "sales": 7730
        },
        "banquet": {
          "pax": 0,
          "sales": 0
        },
        "beer_garden": {
          "pax": 0,
          "sales": 0
        }
      }
    },
    {
      "date": "2023-10-28",
      "weekday": 5,
      "channels": {
        "lunch": {
          "pax": 35,
          "sales": 177910
        },
        "dinner": {
          "pax": 31,
          "sales": 246870
        },
        "takeout": {
          "pax": 21,
          "sales": 15870
        },
        "banquet": {
          "pax": 0,
          "sales": 0
        },
        "beer_garden": {
          "pax": 0,
          "sales": 0
        }
      }
    },
    {
      "date": "2023-10-29",
      "weekday": 6,
      "channels": {
        "lunch": {
          "pax": 29,
          "sales": 149130
        },
        "dinner": {
          "pax": 30,
          "sales": 276780
        },
        "takeout": {
          "pax": 12,
          "sales": 11490
        },
        "banquet": {
          "pax": 32,
          "sales": 167040
        },
        "beer_garden": {
          "pax": 0,
          "sales": 0
        }
      }
    },
    {
      "date": "2023-10-30",
      "weekday": 0,
      "channels": {
        "lunch": {
          "pax": 31,
          "sales": 124210
        },
        "dinner": {
          "pax": 9,
          "sales": 59490
        },
        "takeout": {
          "pax": 12,
          "sales": 8260
        },
        "banquet": {
          "pax": 0,
          "sales": 0
        },
        "beer_garden": {
          "pax": 0,
          "sales": 0
        }
      }
    },
    {
      "date": "2023-10-31",
      "weekday": 1,
      "channels": {
        "lunch": {
          "pax": 26,
          "sales": 114720
        },
        "dinner": {
          "pax": 13,
          "sales": 112780
        },
        "takeout": {
          "pax": 4,
          "sales": 2040
        },
        "banquet": {
          "pax": 0,
          "sales": 0
        },
        "beer_garden": {
          "pax": 0,
          "sales": 0
        }
      }
    },
    {
      "date": "2023-11-01",
      "weekday": 2,
      "channels": {
        "lunch": {
          "pax": 34,
          "sales": 113510
        },
        "dinner": {
          "pax": 12,
          "sales": 102270
        },
        "takeout": {
          "pax": 8,
          "sales": 6300
        },
        "banquet": {
          "pax": 0,
          "sales": 0
        },
        "beer_garden": {
          "pax": 0,
          "sales": 0
        }
      }
    },
    {
      "date": "2023-11-02",
      "weekday": 3,
      "channels": {
        "lunch": {
          "pax": 26,
          "sales": 110760
        },
        "dinner": {
          "pax": 14,
          "sales": 191600
        },
        "takeout": {
          "pax": 6,
          "sales": 6300
        },
        "banquet": {
          "pax": 0,
          "sales": 0
        },
        "beer_garden": {
          "pax": 0,
          "sales": 0
        }
      }
    },
    {
      "date": "2023-11-03",
      "weekday": 4,
      "channels": {
        "lunch": {
          "pax": 31,
          "sales": 173450
        },
        "dinner": {
          "pax": 26,
          "sales": 287890
        },
        "takeout": {
          "pax": 18,
          "sales": 11630
        },
        "banquet": {
          "pax": 0,
          "sales": 0
        },
        "beer_garden": {
          "pax": 0,
          "sales": 0
        }
      }
    },
    {
      "date": "2023-11-04",
      "weekday": 5,
      "channels": {
        "lunch": {
          "pax": 28,
          "sales": 157470
        },
        "dinner": {
          "pax": 20,
          "sales": 232970
        },
        "takeout": {
          "pax": 13,
          "sales": 7830
        },
        "banquet": {
          "pax": 0,
          "sales": 0
        },
        "beer_garden": {
          "pax": 0,
          "sales": 0
        }
      }
    },
    {
      "date": "2023-11-05",
      "weekday": 6,
      "channels": {
        "lunch": {
          "pax": 24,
          "sales": 112890
        },
        "dinner": {
          "pax": 4,
          "sales": 44430
        },
        "takeout": {
          "pax": 12,
          "sales": 12280
        },
        "banquet": {
          "pax": 13,
          "sales": 67860
        },
        "beer_garden": {
          "pax": 0,
          "sales": 0
        }
      }
    },
    {
      "date": "2023-11-06",
      "weekday": 0,
      "channels": {
        "lunch": {
          "pax": 35,
          "sales": 125060
        },
        "dinner": {
          "pax": 4,
          "sales": 44380
        },
        "takeout": {
          "pax": 19,
          "sales": 13650
        },
        "banquet": {
          "pax": 20,
          "sales": 104400
        },
        "beer_garden": {
          "pax": 0,
          "sales": 0
        }
      }
    },
    {
      "date": "2023-11-07",
      "weekday": 1,
      "channels": {
        "lunch": {
          "pax": 23,
          "sales": 83630
        },
        "dinner": {
          "pax": 2,
          "sales": 24000
        },
        "takeout": {
          "pax": 8,
          "sales": 7210
        },
        "banquet": {
          "pax": 0,
          "sales": 0
        },
        "beer_garden": {
          "pax": 0,
          "sales": 0
        }
      }
    },
    {
      "date": "2023-11-08",
      "weekday": 2,
      "channels": {
        "lunch": {
          "pax": 0,
          "sales": 0
        },
        "dinner": {
          "pax": 0,
          "sales": 0
        },
        "takeout": {
          "pax": 0,
          "sales": 0
        },
        "banquet": {
          "pax": 0,
          "sales": 0
        },
        "beer_garden": {
          "pax": 0,
          "sales": 0
        }
      }
    },
    {
      "date": "2023-11-09",
      "weekday": 3,
      "channels": {
        "lunch": {
          "pax": 30,
          "sales": 116370
        },
        "dinner": {
          "pax": 9,
          "sales": 173360
        },
        "takeout": {
          "pax": 3,
          "sales": 2850
        },
        "banquet": {
          "pax": 28,
          "sales": 146160
        },
        "beer_garden": {
          "pax": 0,
          "sales": 0
        }
      }
    },
    {
      "date": "2023-11-10",
      "weekday": 4,
      "channels": {
        "lunch": {
          "pax": 26,
          "sales": 102440
        },
        "dinner": {
          "pax": 19,
          "sales": 176600
        },
        "takeout": {
          "pax": 8,
          "sales": 8800
        },
        "banquet": {
          "pax": 35,
          "sales": 182700
        },
        "beer_garden": {
          "pax": 0,
          "sales": 0
        }
      }
    },
    {
      "date": "2023-11-11",
      "weekday": 5,
      "channels": {
        "lunch": {
          "pax": 32,
          "sales": 185450
        },
        "dinner": {
          "pax": 16,
          "sales": 167700
        },
        "takeout": {
          "pax": 8,
          "sales": 6800
        },
        "banquet": {
          "pax": 0,
          "sales": 0
        },
        "beer_garden": {
          "pax": 0,
          "sales": 0
        }
      }
    },
    {
      "date": "2023-11-12",
      "weekday": 6,
      "channels": {
        "lunch": {
          "pax": 24,
          "sales": 121610
        },
        "dinner": {
          "pax": 12,
          "sales": 101200
        },
        "takeout": {
          "pax": 16,
          "sales": 18570
        },
        "banquet": {
          "pax": 0,
          "sales": 0
        },
        "beer_garden": {
          "pax": 0,
          "sales": 0
        }
      }
    },
    {
      "date": "2023-11-13",
      "weekday": 0,
      "channels": {
        "lunch": {
          "pax": 24,
          "sales": 79080
        },
        "dinner": {
          "pax": 10,
          "sales": 121930
        },
        "takeout": {
          "pax": 3,
          "sales": 1560
        },
        "banquet": {
          "pax": 0,
          "sales": 0
        },
        "beer_garden": {
          "pax": 0,
          "sales": 0
        }
      }
    },
    {
      "date": "2023-11-14",
      "weekday": 1,
      "channels": {
        "lunch": {
          "pax": 31,
          "sales": 113070
        },
        "dinner": {
          "pax": 7,
          "sales": 74910
        },
        "takeout": {
          "pax": 1,
          "sales": 2160
        },
        "banquet": {
          "pax": 0,
          "sales": 0
        },
        "beer_garden": {
          "pax": 0,
          "sales": 0
        }
      }
    },
    {
      "date": "2023-11-15",
      "weekday": 2,
      "channels": {
        "lunch": {
          "pax": 35,
          "sales": 137810
        },
        "dinner": {
          "pax": 7,
          "sales": 73580
        },
        "takeout": {
          "pax": 2,
          "sales": 1900
        },
        "banquet": {
          "pax": 0,
          "sales": 0
        },
        "beer_garden": {
          "pax": 0,
          "sales": 0
        }
      }
    },
    {
      "date": "2023-11-16",
      "weekday": 3,
      "channels": {
        "lunch": {
          "pax": 31,
          "sales": 109160
        },
        "dinner": {
          "pax": 12,
          "sales": 187905
        },
        "takeout": {
          "pax": 4,
          "sales": 5220
        },
        "banquet": {
          "pax": 0,
          "sales": 0
        },
        "beer_garden": {
          "pax": 0,
          "sales": 0
        }
      }
    },
    {
      "date": "2023-11-17",
      "weekday": 4,
      "channels": {
        "lunch": {
          "pax": 20,
          "sales": 81600
        },
        "dinner": {
          "pax": 20,
          "sales": 251230
        },
        "takeout": {
          "pax": 6,
          "sales": 5410
        },
        "banquet": {
          "pax": 0,
          "sales": 0
        },
        "beer_garden": {
          "pax": 0,
          "sales": 0
        }
      }
    },
    {
      "date": "2023-11-18",
      "weekday": 5,
      "channels": {
        "lunch": {
          "pax": 23,
          "sales": 91300
        },
        "dinner": {
          "pax": 20,
          "sales": 255560
        },
        "takeout": {
          "pax": 7,
          "sales": 9450
        },
        "banquet": {
          "pax": 39,
          "sales": 203370
        },
        "beer_garden": {
          "pax": 0,
          "sales": 0
        }
      }
    },
    {
      "date": "2023-11-19",
      "weekday": 6,
      "channels": {
        "lunch": {
          "pax": 18,
          "sales": 81440
        },
        "dinner": {
          "pax": 23,
          "sales": 254550
        },
        "takeout": {
          "pax": 15,
          "sales": 9370
        },
        "banquet": {
          "pax": 0,
          "sales": 0
        },
        "beer_garden": {
          "pax": 0,
          "sales": 0
        }
      }
    },
    {
      "date": "2023-11-20",
      "weekday": 0,
      "channels": {
        "lunch": {
          "pax": 31,
          "sales": 124840
        },
        "dinner": {
          "pax": 20,
          "sales": 266900
        },
        "takeout": {
          "pax": 8,
          "sales": 7110
        },
        "banquet": {
          "pax": 0,
          "sales": 0
        },
        "beer_garden": {
          "pax": 0,
          "sales": 0
        }
      }
    },
    {
      "date": "2023-11-21",
      "weekday": 1,
      "channels": {
        "lunch": {
          "pax": 35,
          "sales": 147640
        },
        "dinner": {
          "pax": 4,
          "sales": 68640
        },
        "takeout": {
          "pax": 8,
          "sales": 5160
        },
        "banquet": {
          "pax": 11,
          "sales": 57420
        },
        "beer_garden": {
          "pax": 0,
          "sales": 0
        }
      }
    },
    {
      "date": "2023-11-22",
      "weekday": 2,
      "channels": {
        "lunch": {
          "pax": 29,
          "sales": 133470
        },
        "dinner": {
          "pax": 30,
          "sales": 334130
        },
        "takeout": {
          "pax": 8,
          "sales": 7110
        },
        "banquet": {
          "pax": 0,
          "sales": 0
        },
        "beer_garden": {
          "pax": 0,
          "sales": 0
        }
      }
    },
    {
      "date": "2023-11-23",
      "weekday": 3,
      "channels": {
        "lunch": {
          "pax": 38,
          "sales": 173110
        },
        "dinner": {
          "pax": 29,
          "sales": 350310
        },
        "takeout": {
          "pax": 12,
          "sales": 11530
        },
        "banquet": {
          "pax": 0,
          "sales": 0
        },
        "beer_garden": {
          "pax": 0,
          "sales": 0
        }
      }
    },
    {
      "date": "2023-11-24",
      "weekday": 4,
      "channels": {
        "lunch": {
          "pax": 31,
          "sales": 113630
        },
        "dinner": {
          "pax": 30,
          "sales": 308070
        },
        "takeout": {
          "pax": 14,
          "sales": 15530
        },
        "banquet": {
          "pax": 0,
          "sales": 0
        },
        "beer_garden": {
          "pax": 0,
          "sales": 0
        }
      }
    },
    {
      "date": "2023-11-25",
      "weekday": 5,
      "channels": {
        "lunch": {
          "pax": 16,
          "sales": 66230
        },
        "dinner": {
          "pax": 27,
          "sales": 323820
        },
        "takeout": {
          "pax": 8,
          "sales": 6830
        },
        "banquet": {
          "pax": 0,
          "sales": 0
        },
        "beer_garden": {
          "pax": 0,
          "sales": 0
        }
      }
    },
    {
      "date": "2023-11-26",
      "weekday": 6,
      "channels": {
        "lunch": {
          "pax": 24,
          "sales": 131870
        },
        "dinner": {
          "pax": 23,
          "sales": 230940
        },
        "takeout": {
          "pax": 6,
          "sales": 8010
        },
        "banquet": {
          "pax": 0,
          "sales": 0
        },
        "beer_garden": {
          "pax": 0,
          "sales": 0
        }
      }
    },
    {
      "date": "2023-11-27",
      "weekday": 0,
      "channels": {
        "lunch": {
          "pax": 27,
          "sales": 117240
        },
        "dinner": {
          "pax": 24,
          "sales": 218500
        },
        "takeout": {
          "pax": 12,
          "sales": 8090
        },
        "banquet": {
          "pax": 0,
          "sales": 0
        },
        "beer_garden": {
          "pax": 0,
          "sales": 0
        }
      }
    },
    {
      "date": "2023-11-28",
      "weekday": 1,
      "channels": {
        "lunch": {
          "pax": 32,
          "sales": 122450
        },
        "dinner": {
          "pax": 23,
          "sales": 230000
        },
        "takeout": {
          "pax": 11,
          "sales": 7970
        },
        "banquet": {
          "pax": 15,
          "sales": 78300
        },
        "beer_garden": {
          "pax": 0,
          "sales": 0
        }
      }
    },
    {
      "date": "2023-11-29",
      "weekday": 2,
      "channels": {
        "lunch": {
          "pax": 26,
          "sales": 118470
        },
        "dinner": {
          "pax": 17,
          "sales": 225640
        },
        "takeout": {
          "pax": 10,
          "sales": 10060
        },
        "banquet": {
          "pax": 33,
          "sales": 172260
        },
        "beer_garden": {
          "pax": 0,
          "sales": 0
        }
      }
    },
    {
      "date": "2023-11-30",
      "weekday": 3,
      "channels": {
        "lunch": {
          "pax": 30,
          "sales": 149630
        },
        "dinner": {
          "pax": 4,
          "sales": 46140
        },
        "takeout": {
          "pax": 8,
          "sales": 7100
        },
        "banquet": {
          "pax": 50,
          "sales": 261000
        },
        "beer_garden": {
          "pax": 0,
          "sales": 0
        }
      }
    },
    {
      "date": "2023-12-01",
      "weekday": 4,
      "channels": {
        "lunch": {
          "pax": 23,
          "sales": 87730
        },
        "dinner": {
          "pax": 31,
          "sales": 359680
        },
        "takeout": {
          "pax": 4,
          "sales": 2810
        },
        "banquet": {
          "pax": 19,
          "sales": 99180
        },
        "beer_garden": {
          "pax": 0,
          "sales": 0
        }
      }
    },
    {
      "date": "2023-12-02",
      "weekday": 5,
      "channels": {
        "lunch": {
          "pax": 33,
          "sales": 159540
        },
        "dinner": {
          "pax": 31,
          "sales": 358030
        },
        "takeout": {
          "pax": 18,
          "sales": 18640
        },
        "banquet": {
          "pax": 0,
          "sales": 0
        },
        "beer_garden": {
          "pax": 0,
          "sales": 0
        }
      }
    },
    {
      "date": "2023-12-03",
      "weekday": 6,
      "channels": {
        "lunch": {
          "pax": 33,
          "sales": 172110
        },
        "dinner": {
          "pax": 21,
          "sales": 244630
        },
        "takeout": {
          "pax": 2,
          "sales": 4400
        },
        "banquet": {
          "pax": 0,
          "sales": 0
        },
        "beer_garden": {
          "pax": 0,
          "sales": 0
        }
      }
    },
    {
      "date": "2023-12-04",
      "weekday": 0,
      "channels": {
        "lunch": {
          "pax": 16,
          "sales": 46310
        },
        "dinner": {
          "pax": 9,
          "sales": 129630
        },
        "takeout": {
          "pax": 13,
          "sales": 10850
        },
        "banquet": {
          "pax": 0,
          "sales": 0
        },
        "beer_garden": {
          "pax": 0,
          "sales": 0
        }
      }
    },
    {
      "date": "2023-12-05",
      "weekday": 1,
      "channels": {
        "lunch": {
          "pax": 31,
          "sales": 140800
        },
        "dinner": {
          "pax": 20,
          "sales": 210020
        },
        "takeout": {
          "pax": 8,
          "sales": 9670
        },
        "banquet": {
          "pax": 0,
          "sales": 0
        },
        "beer_garden": {
          "pax": 0,
          "sales": 0
        }
      }
    },
    {
      "date": "2023-12-06",
      "weekday": 2,
      "channels": {
        "lunch": {
          "pax": 36,
          "sales": 125220
        },
        "dinner": {
          "pax": 20,
          "sales": 255740
        },
        "takeout": {
          "pax": 7,
          "sales": 5070
        },
        "banquet": {
          "pax": 80,
          "sales": 417600
        },
        "beer_garden": {
          "pax": 0,
          "sales": 0
        }
      }
    },
    {
      "date": "2023-12-07",
      "weekday": 3,
      "channels": {
        "lunch": {
          "pax": 33,
          "sales": 149820
        },
        "dinner": {
          "pax": 26,
          "sales": 314630
        },
        "takeout": {
          "pax": 10,
          "sales": 9770
        },
        "banquet": {
          "pax": 30,
          "sales": 156600
        },
        "beer_garden": {
          "pax": 0,
          "sales": 0
        }
      }
    },
    {
      "date": "2023-12-08",
      "weekday": 4,
      "channels": {
        "lunch": {
          "pax": 33,
          "sales": 145800
        },
        "dinner": {
          "pax": 29,
          "sales": 313940
        },
        "takeout": {
          "pax": 9,
          "sales": 7270
        },
        "banquet": {
          "pax": 55,
          "sales": 215325
        },
        "beer_garden": {
          "pax": 0,
          "sales": 0
        }
      }
    },
    {
      "date": "2023-12-09",
      "weekday": 5,
      "channels": {
        "lunch": {
          "pax": 40,
          "sales": 196740
        },
        "dinner": {
          "pax": 24,
          "sales": 288550
        },
        "takeout": {
          "pax": 7,
          "sales": 12400
        },
        "banquet": {
          "pax": 0,
          "sales": 0
        },
        "beer_garden": {
          "pax": 0,
          "sales": 0
        }
      }
    },
    {
      "date": "2023-12-10",
      "weekday": 6,
      "channels": {
        "lunch": {
          "pax": 32,
          "sales": 118610
        },
        "dinner": {
          "pax": 17,
          "sales": 186820
        },
        "takeout": {
          "pax": 6,
          "sales": 3700
        },
        "banquet": {
          "pax": 0,
          "sales": 0
        },
        "beer_garden": {
          "pax": 0,
          "sales": 0
        }
      }
    },
    {
      "date": "2023-12-11",
      "weekday": 0,
      "channels": {
        "lunch": {
          "pax": 29,
          "sales": 117800
        },
        "dinner": {
          "pax": 19,
          "sales": 189420
        },
        "takeout": {
          "pax": 7,
          "sales": 7660
        },
        "banquet": {
          "pax": 37,
          "sales": 257520
        },
        "beer_garden": {
          "pax": 0,
          "sales": 0
        }
      }
    },
    {
      "date": "2023-12-12",
      "weekday": 1,
      "channels": {
        "lunch": {
          "pax": 37,
          "sales": 172910
        },
        "dinner": {
          "pax": 21,
          "sales": 253720
        },
        "takeout": {
          "pax": 25,
          "sales": 16120
        },
        "banquet": {
          "pax": 47,
          "sales": 327120
        },
        "beer_garden": {
          "pax": 0,
          "sales": 0
        }
      }
    },
    {
      "date": "2023-12-13",
      "weekday": 2,
      "channels": {
        "lunch": {
          "pax": 28,
          "sales": 107570
        },
        "dinner": {
          "pax": 37,
          "sales": 444000
        },
        "takeout": {
          "pax": 0,
          "sales": 0
        },
        "banquet": {
          "pax": 0,
          "sales": 0
        },
        "beer_garden": {
          "pax": 0,
          "sales": 0
        }
      }
    },
    {
      "date": "2023-12-14",
      "weekday": 3,
      "channels": {
        "lunch": {
          "pax": 33,
          "sales": 146570
        },
        "dinner": {
          "pax": 23,
          "sales": 237830
        },
        "takeout": {
          "pax": 2,
          "sales": 2400
        },
        "banquet": {
          "pax": 0,
          "sales": 0
        },
        "beer_garden": {
          "pax": 0,
          "sales": 0
        }
      }
    },
    {
      "date": "2023-12-15",
      "weekday": 4,
      "channels": {
        "lunch": {
          "pax": 38,
          "sales": 151600
        },
        "dinner": {
          "pax": 28,
          "sales": 370340
        },
        "takeout": {
          "pax": 5,
          "sales": 4250
        },
        "banquet": {
          "pax": 0,
          "sales": 0
        },
        "beer_garden": {
          "pax": 0,
          "sales": 0
        }
      }
    },
    {
      "date": "2023-12-16",
      "weekday": 5,
      "channels": {
        "lunch": {
          "pax": 30,
          "sales": 120180
        },
        "dinner": {
          "pax": 30,
          "sales": 331160
        },
        "takeout": {
          "pax": 13,
          "sales": 11660
        },
        "banquet": {
          "pax": 45,
          "sales": 234900
        },
        "beer_garden": {
          "pax": 0,
          "sales": 0
        }
      }
    },
    {
      "date": "2023-12-17",
      "weekday": 6,
      "channels": {
        "lunch": {
          "pax": 44,
          "sales": 181110
        },
        "dinner": {
          "pax": 33,
          "sales": 432600
        },
        "takeout": {
          "pax": 12,
          "sales": 7800
        },
        "banquet": {
          "pax": 24,
          "sales": 152220
        },
        "beer_garden": {
          "pax": 0,
          "sales": 0
        }
      }
    },
    {
      "date": "2023-12-18",
      "weekday": 0,
      "channels": {
        "lunch": {
          "pax": 31,
          "sales": 149310
        },
        "dinner": {
          "pax": 25,
          "sales": 266820
        },
        "takeout": {
          "pax": 11,
          "sales": 8000
        },
        "banquet": {
          "pax": 12,
          "sales": 62640
        },
        "beer_garden": {
          "pax": 0,
          "sales": 0
        }
      }
    },
    {
      "date": "2023-12-19",
      "weekday": 1,
      "channels": {
        "lunch": {
          "pax": 27,
          "sales": 79410
        },
        "dinner": {
          "pax": 28,
          "sales": 314250
        },
        "takeout": {
          "pax": 11,
          "sales": 8150
        },
        "banquet": {
          "pax": 0,
          "sales": 0
        },
        "beer_garden": {
          "pax": 0,
          "sales": 0
        }
      }
    },
    {
      "date": "2023-12-20",
      "weekday": 2,
      "channels": {
        "lunch": {
          "pax": 32,
          "sales": 142150
        },
        "dinner": {
          "pax": 31,
          "sales": 427100
        },
        "takeout": {
          "pax": 1,
          "sales": 450
        },
        "banquet": {
          "pax": 0,
          "sales": 0
        },
        "beer_garden": {
          "pax": 0,
          "sales": 0
        }
      }
    },
    {
      "date": "2023-12-21",
      "weekday": 3,
      "channels": {
        "lunch": {
          "pax": 35,
          "sales": 139730
        },
        "dinner": {
          "pax": 32,
          "sales": 391710
        },
        "takeout": {
          "pax": 3,
          "sales": 1400
        },
        "banquet": {
          "pax": 7,
          "sales": 3350
        },
        "beer_garden": {
          "pax": 0,
          "sales": 0
        }
      }
    },
    {
      "date": "2023-12-22",
      "weekday": 4,
      "channels": {
        "lunch": {
          "pax": 29,
          "sales": 162680
        },
        "dinner": {
          "pax": 23,
          "sales": 476270
        },
        "takeout": {
          "pax": 3,
          "sales": 1560
        },
        "banquet": {
          "pax": 37,
          "sales": 193140
        },
        "beer_garden": {
          "pax": 0,
          "sales": 0
        }
      }
    },
    {
      "date": "2023-12-23",
      "weekday": 5,
      "channels": {
        "lunch": {
          "pax": 33,
          "sales": 188620
        },
        "dinner": {
          "pax": 36,
          "sales": 769480
        },
        "takeout": {
          "pax": 7,
          "sales": 5110
        },
        "banquet": {
          "pax": 81,
          "sales": 406156
        },
        "beer_garden": {
          "pax": 0,
          "sales": 0
        }
      }
    },
    {
      "date": "2023-12-24",
      "weekday": 6,
      "channels": {
        "lunch": {
          "pax": 35,
          "sales": 267950
        },
        "dinner": {
          "pax": 46,
          "sales": 866180
        },
        "takeout": {
          "pax": 12,
          "sales": 9060
        },
        "banquet": {
          "pax": 0,
          "sales": 0
        },
        "beer_garden": {
          "pax": 0,
          "sales": 0
        }
      }
    },
    {
      "date": "2023-12-25",
      "weekday": 0,
      "channels": {
        "lunch": {
          "pax": 32,
          "sales": 149800
        },
        "dinner": {
          "pax": 37,
          "sales": 628030
        },
        "takeout": {
          "pax": 11,
          "sales": 7600
        },
        "banquet": {
          "pax": 0,
          "sales": 0
        },
        "beer_garden": {
          "pax": 0,
          "sales": 0
        }
      }
    },
    {
      "date": "2023-12-26",
      "weekday": 1,
      "channels": {
        "lunch": {
          "pax": 28,
          "sales": 105380
        },
        "dinner": {
          "pax": 39,
          "sales": 312010
        },
        "takeout": {
          "pax": 21,
          "sales": 15310
        },
        "banquet": {
          "pax": 0,
          "sales": 0
        },
        "beer_garden": {
          "pax": 0,
          "sales": 0
        }
      }
    },
    {
      "date": "2023-12-27",
      "weekday": 2,
      "channels": {
        "lunch": {
          "pax": 39,
          "sales": 130480
        },
        "dinner": {
          "pax": 36,
          "sales": 369780
        },
        "takeout": {
          "pax": 17,
          "sales": 19080
        },
        "banquet": {
          "pax": 0,
          "sales": 0
        },
        "beer_garden": {
          "pax": 0,
          "sales": 0
        }
      }
    },
    {
      "date": "2023-12-28",
      "weekday": 3,
      "channels": {
        "lunch": {
          "pax": 32,
          "sales": 161280
        },
        "dinner": {
          "pax": 35,
          "sales": 374110
        },
        "takeout": {
          "pax": 7,
          "sales": 8460
        },
        "banquet": {
          "pax": 0,
          "sales": 0
        },
        "beer_garden": {
          "pax": 0,
          "sales": 0
        }
      }
    },
    {
      "date": "2023-12-29",
      "weekday": 4,
      "channels": {
        "lunch": {
          "pax": 30,
          "sales": 114860
        },
        "dinner": {
          "pax": 33,
          "sales": 407430
        },
        "takeout": {
          "pax": 4,
          "sales": 2000
        },
        "banquet": {
          "pax": 0,
          "sales": 0
        },
        "beer_garden": {
          "pax": 0,
          "sales": 0
        }
      }
    },
    {
      "date": "2023-12-30",
      "weekday": 5,
      "channels": {
        "lunch": {
          "pax": 34,
          "sales": 155220
        },
        "dinner": {
          "pax": 35,
          "sales": 401770
        },
        "takeout": {
          "pax": 15,
          "sales": 14610
        },
        "banquet": {
          "pax": 0,
          "sales": 0
        },
        "beer_garden": {
          "pax": 0,
          "sales": 0
        }
      }
    },
    {
      "date": "2023-12-31",
      "weekday": 6,
      "channels": {
        "lunch": {
          "pax": 14,
          "sales": 56840
        },
        "dinner": {
          "pax": 31,
          "sales": 382340
        },
        "takeout": {
          "pax": 12,
          "sales": 11310
        },
        "banquet": {
          "pax": 0,
          "sales": 0
        },
        "beer_garden": {
          "pax": 0,
          "sales": 0
        }
      }
    }
  ],
  "validation": {
    "status": "PASS",
    "checks": [
      {
        "check": "2023-10_lunch_sales_match",
        "result": "PASS",
        "detail": "差異60,775円(1.4%) 日別=4,315,110 合計行=4,375,885"
      },
      {
        "check": "2023-10_dinner_sales_match",
        "result": "PASS",
        "detail": "差異60,775円(1.0%) 日別=5,973,350 合計行=6,034,125"
      },
      {
        "check": "2023-10_takeout_sales_match",
        "result": "PASS",
        "detail": "完全一致 ¥223,480"
      },
      {
        "check": "2023-10_banquet_sales_match",
        "result": "PASS",
        "detail": "完全一致 ¥503,756"
      },
      {
        "check": "2023-10_beer_garden_sales_match",
        "result": "PASS",
        "detail": "完全一致 ¥126,240"
      },
      {
        "check": "2023-10_ld_consistency",
        "result": "PASS",
        "detail": "L(4,375,885)+D(6,034,125)=10,410,010 = L+D合計(10,410,010)"
      },
      {
        "check": "2023-11_lunch_sales_match",
        "result": "PASS",
        "detail": "差異47,575円(1.3%) 日別=3,494,680 合計行=3,542,255"
      },
      {
        "check": "2023-11_dinner_sales_match",
        "result": "PASS",
        "detail": "差異47,575円(0.9%) 日別=5,369,155 合計行=5,416,730"
      },
      {
        "check": "2023-11_takeout_sales_match",
        "result": "PASS",
        "detail": "完全一致 ¥231,790"
      },
      {
        "check": "2023-11_banquet_sales_match",
        "result": "PASS",
        "detail": "完全一致 ¥1,273,470"
      },
      {
        "check": "2023-11_beer_garden_sales_match",
        "result": "PASS",
        "detail": "完全一致 ¥0"
      },
      {
        "check": "2023-11_ld_consistency",
        "result": "PASS",
        "detail": "差異8,800円(0.10%) ※招待券等の調整分"
      },
      {
        "check": "2023-12_lunch_sales_match",
        "result": "PASS",
        "detail": "差異159,170円(3.5%) 日別=4,344,130 合計行=4,503,300"
      },
      {
        "check": "2023-12_dinner_sales_match",
        "result": "PASS",
        "detail": "差異159,170円(1.4%) 日別=11,308,020 合計行=11,467,190"
      },
      {
        "check": "2023-12_takeout_sales_match",
        "result": "PASS",
        "detail": "完全一致 ¥246,570"
      },
      {
        "check": "2023-12_banquet_sales_match",
        "result": "PASS",
        "detail": "完全一致 ¥2,525,751"
      },
      {
        "check": "2023-12_beer_garden_sales_match",
        "result": "PASS",
        "detail": "完全一致 ¥0"
      },
      {
        "check": "2023-12_ld_consistency",
        "result": "PASS",
        "detail": "差異66,000円(0.41%) ※招待券等の調整分"
      }
    ]
  }
}