{
  "metadata": {
    "store_id": "GA",
    "store_name": "GA",
    "base": "TV_TOWER",
    "fiscal_year": "",
    "quarter": "1Q",
    "source_file": "TV2025_1Q.xlsx",
    "parsed_at": "2026-02-11T21:08:54.696259",
    "sheets": [
      "2025.04",
      "2025.05",
      "2025.06"
    ],
    "total_days": 93,
    "total_months": 3,
    "tax_mode": "excluded",
    "tax_rates": {
      "eat_in": 0.1,
      "takeout": 0.08
    }
  },
  "monthly_summary": [
    {
      "month": "2025-04",
      "channels": {
        "lunch": {
          "pax": 657,
          "sales": 2793203,
          "avg_spend": 4251.5
        },
        "dinner": {
          "pax": 402,
          "sales": 4156172,
          "avg_spend": 10338.7
        },
        "ld_total": {
          "pax": 1059,
          "sales": 6949375
        },
        "takeout": {
          "pax": 200,
          "sales": 223749
        },
        "banquet": {
          "pax": 366,
          "sales": 1797799
        },
        "beer_garden": {
          "pax": 352,
          "sales": 490136
        },
        "all_channels": {
          "sales": 9461059
        }
      }
    },
    {
      "month": "2025-05",
      "channels": {
        "lunch": {
          "pax": 874,
          "sales": 3859999,
          "avg_spend": 4416.5
        },
        "dinner": {
          "pax": 499,
          "sales": 5775654,
          "avg_spend": 11574.5
        },
        "ld_total": {
          "pax": 1373,
          "sales": 9635653
        },
        "takeout": {
          "pax": 181,
          "sales": 338685
        },
        "banquet": {
          "pax": 321,
          "sales": 1469589
        },
        "beer_garden": {
          "pax": 2610,
          "sales": 5112218
        },
        "all_channels": {
          "sales": 16556145
        }
      }
    },
    {
      "month": "2025-06",
      "channels": {
        "lunch": {
          "pax": 831,
          "sales": 3502299,
          "avg_spend": 4214.6
        },
        "dinner": {
          "pax": 492,
          "sales": 5414063,
          "avg_spend": 11004.2
        },
        "ld_total": {
          "pax": 1323,
          "sales": 8916362
        },
        "takeout": {
          "pax": 152,
          "sales": 400972
        },
        "banquet": {
          "pax": 541,
          "sales": 2692491
        },
        "beer_garden": {
          "pax": 8280,
          "sales": 33132365
        },
        "all_channels": {
          "sales": 45142190
        }
      }
    }
  ],
  "daily_data": [
    {
      "date": "2025-04-01",
      "weekday": 1,
      "channels": {
        "lunch": {
          "pax": 25,
          "sales": 102481
        },
        "dinner": {
          "pax": 10,
          "sales": 111590
        },
        "takeout": {
          "pax": 2,
          "sales": 5092
        },
        "banquet": {
          "pax": 0,
          "sales": 0
        },
        "beer_garden": {
          "pax": 0,
          "sales": 0
        }
      }
    },
    {
      "date": "2025-04-02",
      "weekday": 2,
      "channels": {
        "lunch": {
          "pax": 22,
          "sales": 94918
        },
        "dinner": {
          "pax": 21,
          "sales": 174990
        },
        "takeout": {
          "pax": 10,
          "sales": 16666
        },
        "banquet": {
          "pax": 0,
          "sales": 0
        },
        "beer_garden": {
          "pax": 0,
          "sales": 0
        }
      }
    },
    {
      "date": "2025-04-03",
      "weekday": 3,
      "channels": {
        "lunch": {
          "pax": 31,
          "sales": 128054
        },
        "dinner": {
          "pax": 13,
          "sales": 94563
        },
        "takeout": {
          "pax": 4,
          "sales": 7962
        },
        "banquet": {
          "pax": 0,
          "sales": 0
        },
        "beer_garden": {
          "pax": 0,
          "sales": 0
        }
      }
    },
    {
      "date": "2025-04-04",
      "weekday": 4,
      "channels": {
        "lunch": {
          "pax": 18,
          "sales": 51199
        },
        "dinner": {
          "pax": 0,
          "sales": 0
        },
        "takeout": {
          "pax": 8,
          "sales": 7037
        },
        "banquet": {
          "pax": 35,
          "sales": 166090
        },
        "beer_garden": {
          "pax": 0,
          "sales": 0
        }
      }
    },
    {
      "date": "2025-04-05",
      "weekday": 5,
      "channels": {
        "lunch": {
          "pax": 27,
          "sales": 121118
        },
        "dinner": {
          "pax": 26,
          "sales": 236163
        },
        "takeout": {
          "pax": 14,
          "sales": 18333
        },
        "banquet": {
          "pax": 0,
          "sales": 0
        },
        "beer_garden": {
          "pax": 0,
          "sales": 0
        }
      }
    },
    {
      "date": "2025-04-06",
      "weekday": 6,
      "channels": {
        "lunch": {
          "pax": 11,
          "sales": 60858
        },
        "dinner": {
          "pax": 27,
          "sales": 248199
        },
        "takeout": {
          "pax": 7,
          "sales": 11620
        },
        "banquet": {
          "pax": 0,
          "sales": 0
        },
        "beer_garden": {
          "pax": 0,
          "sales": 0
        }
      }
    },
    {
      "date": "2025-04-07",
      "weekday": 0,
      "channels": {
        "lunch": {
          "pax": 19,
          "sales": 56709
        },
        "dinner": {
          "pax": 6,
          "sales": 61563
        },
        "takeout": {
          "pax": 3,
          "sales": 1388
        },
        "banquet": {
          "pax": 0,
          "sales": 0
        },
        "beer_garden": {
          "pax": 0,
          "sales": 0
        }
      }
    },
    {
      "date": "2025-04-08",
      "weekday": 1,
      "channels": {
        "lunch": {
          "pax": 13,
          "sales": 59927
        },
        "dinner": {
          "pax": 16,
          "sales": 123081
        },
        "takeout": {
          "pax": 3,
          "sales": 7638
        },
        "banquet": {
          "pax": 12,
          "sales": 56945
        },
        "beer_garden": {
          "pax": 0,
          "sales": 0
        }
      }
    },
    {
      "date": "2025-04-09",
      "weekday": 2,
      "channels": {
        "lunch": {
          "pax": 0,
          "sales": 0
        },
        "dinner": {
          "pax": 0,
          "sales": 0
        },
        "takeout": {
          "pax": 0,
          "sales": 0
        },
        "banquet": {
          "pax": 0,
          "sales": 0
        },
        "beer_garden": {
          "pax": 0,
          "sales": 0
        }
      }
    },
    {
      "date": "2025-04-10",
      "weekday": 3,
      "channels": {
        "lunch": {
          "pax": 21,
          "sales": 76463
        },
        "dinner": {
          "pax": 2,
          "sales": 25454
        },
        "takeout": {
          "pax": 6,
          "sales": 3425
        },
        "banquet": {
          "pax": 0,
          "sales": 0
        },
        "beer_garden": {
          "pax": 0,
          "sales": 0
        }
      }
    },
    {
      "date": "2025-04-11",
      "weekday": 4,
      "channels": {
        "lunch": {
          "pax": 17,
          "sales": 72418
        },
        "dinner": {
          "pax": 12,
          "sales": 154709
        },
        "takeout": {
          "pax": 10,
          "sales": 4537
        },
        "banquet": {
          "pax": 0,
          "sales": 0
        },
        "beer_garden": {
          "pax": 0,
          "sales": 0
        }
      }
    },
    {
      "date": "2025-04-12",
      "weekday": 5,
      "channels": {
        "lunch": {
          "pax": 32,
          "sales": 168045
        },
        "dinner": {
          "pax": 23,
          "sales": 223981
        },
        "takeout": {
          "pax": 7,
          "sales": 5509
        },
        "banquet": {
          "pax": 0,
          "sales": 0
        },
        "beer_garden": {
          "pax": 0,
          "sales": 0
        }
      }
    },
    {
      "date": "2025-04-13",
      "weekday": 6,
      "channels": {
        "lunch": {
          "pax": 38,
          "sales": 173590
        },
        "dinner": {
          "pax": 20,
          "sales": 202699
        },
        "takeout": {
          "pax": 3,
          "sales": 1250
        },
        "banquet": {
          "pax": 0,
          "sales": 0
        },
        "beer_garden": {
          "pax": 0,
          "sales": 0
        }
      }
    },
    {
      "date": "2025-04-14",
      "weekday": 0,
      "channels": {
        "lunch": {
          "pax": 25,
          "sales": 123227
        },
        "dinner": {
          "pax": 8,
          "sales": 65763
        },
        "takeout": {
          "pax": 2,
          "sales": 4351
        },
        "banquet": {
          "pax": 10,
          "sales": 47454
        },
        "beer_garden": {
          "pax": 0,
          "sales": 0
        }
      }
    },
    {
      "date": "2025-04-15",
      "weekday": 1,
      "channels": {
        "lunch": {
          "pax": 15,
          "sales": 53554
        },
        "dinner": {
          "pax": 14,
          "sales": 129454
        },
        "takeout": {
          "pax": 1,
          "sales": 509
        },
        "banquet": {
          "pax": 17,
          "sales": 80672
        },
        "beer_garden": {
          "pax": 0,
          "sales": 0
        }
      }
    },
    {
      "date": "2025-04-16",
      "weekday": 2,
      "channels": {
        "lunch": {
          "pax": 21,
          "sales": 65600
        },
        "dinner": {
          "pax": 4,
          "sales": 36027
        },
        "takeout": {
          "pax": 1,
          "sales": 324
        },
        "banquet": {
          "pax": 0,
          "sales": 0
        },
        "beer_garden": {
          "pax": 0,
          "sales": 0
        }
      }
    },
    {
      "date": "2025-04-17",
      "weekday": 3,
      "channels": {
        "lunch": {
          "pax": 24,
          "sales": 81209
        },
        "dinner": {
          "pax": 17,
          "sales": 200554
        },
        "takeout": {
          "pax": 12,
          "sales": 19166
        },
        "banquet": {
          "pax": 37,
          "sales": 234109
        },
        "beer_garden": {
          "pax": 0,
          "sales": 0
        }
      }
    },
    {
      "date": "2025-04-18",
      "weekday": 4,
      "channels": {
        "lunch": {
          "pax": 15,
          "sales": 62418
        },
        "dinner": {
          "pax": 19,
          "sales": 177636
        },
        "takeout": {
          "pax": 4,
          "sales": 3333
        },
        "banquet": {
          "pax": 0,
          "sales": 0
        },
        "beer_garden": {
          "pax": 0,
          "sales": 0
        }
      }
    },
    {
      "date": "2025-04-19",
      "weekday": 5,
      "channels": {
        "lunch": {
          "pax": 31,
          "sales": 165236
        },
        "dinner": {
          "pax": 31,
          "sales": 311636
        },
        "takeout": {
          "pax": 25,
          "sales": 18009
        },
        "banquet": {
          "pax": 0,
          "sales": 0
        },
        "beer_garden": {
          "pax": 0,
          "sales": 0
        }
      }
    },
    {
      "date": "2025-04-20",
      "weekday": 6,
      "channels": {
        "lunch": {
          "pax": 29,
          "sales": 137481
        },
        "dinner": {
          "pax": 15,
          "sales": 150345
        },
        "takeout": {
          "pax": 8,
          "sales": 11481
        },
        "banquet": {
          "pax": 0,
          "sales": 0
        },
        "beer_garden": {
          "pax": 0,
          "sales": 0
        }
      }
    },
    {
      "date": "2025-04-21",
      "weekday": 0,
      "channels": {
        "lunch": {
          "pax": 21,
          "sales": 78972
        },
        "dinner": {
          "pax": 3,
          "sales": 62799
        },
        "takeout": {
          "pax": 6,
          "sales": 7222
        },
        "banquet": {
          "pax": 85,
          "sales": 403363
        },
        "beer_garden": {
          "pax": 0,
          "sales": 0
        }
      }
    },
    {
      "date": "2025-04-22",
      "weekday": 1,
      "channels": {
        "lunch": {
          "pax": 23,
          "sales": 78954
        },
        "dinner": {
          "pax": 16,
          "sales": 207199
        },
        "takeout": {
          "pax": 2,
          "sales": 3333
        },
        "banquet": {
          "pax": 31,
          "sales": 147109
        },
        "beer_garden": {
          "pax": 0,
          "sales": 0
        }
      }
    },
    {
      "date": "2025-04-23",
      "weekday": 2,
      "channels": {
        "lunch": {
          "pax": 17,
          "sales": 57999
        },
        "dinner": {
          "pax": 17,
          "sales": 178209
        },
        "takeout": {
          "pax": 2,
          "sales": 833
        },
        "banquet": {
          "pax": 42,
          "sales": 201745
        },
        "beer_garden": {
          "pax": 0,
          "sales": 0
        }
      }
    },
    {
      "date": "2025-04-24",
      "weekday": 3,
      "channels": {
        "lunch": {
          "pax": 30,
          "sales": 114754
        },
        "dinner": {
          "pax": 1,
          "sales": 11599
        },
        "takeout": {
          "pax": 1,
          "sales": 324
        },
        "banquet": {
          "pax": 43,
          "sales": 204054
        },
        "beer_garden": {
          "pax": 0,
          "sales": 0
        }
      }
    },
    {
      "date": "2025-04-25",
      "weekday": 4,
      "channels": {
        "lunch": {
          "pax": 18,
          "sales": 69872
        },
        "dinner": {
          "pax": 2,
          "sales": 19600
        },
        "takeout": {
          "pax": 1,
          "sales": 1666
        },
        "banquet": {
          "pax": 54,
          "sales": 256254
        },
        "beer_garden": {
          "pax": 0,
          "sales": 0
        }
      }
    },
    {
      "date": "2025-04-26",
      "weekday": 5,
      "channels": {
        "lunch": {
          "pax": 18,
          "sales": 85872
        },
        "dinner": {
          "pax": 20,
          "sales": 232218
        },
        "takeout": {
          "pax": 19,
          "sales": 22685
        },
        "banquet": {
          "pax": 0,
          "sales": 0
        },
        "beer_garden": {
          "pax": 118,
          "sales": 166045
        }
      }
    },
    {
      "date": "2025-04-27",
      "weekday": 6,
      "channels": {
        "lunch": {
          "pax": 26,
          "sales": 124263
        },
        "dinner": {
          "pax": 11,
          "sales": 116318
        },
        "takeout": {
          "pax": 9,
          "sales": 7361
        },
        "banquet": {
          "pax": 0,
          "sales": 0
        },
        "beer_garden": {
          "pax": 58,
          "sales": 72636
        }
      }
    },
    {
      "date": "2025-04-28",
      "weekday": 0,
      "channels": {
        "lunch": {
          "pax": 18,
          "sales": 85554
        },
        "dinner": {
          "pax": 9,
          "sales": 119509
        },
        "takeout": {
          "pax": 9,
          "sales": 12361
        },
        "banquet": {
          "pax": 0,
          "sales": 0
        },
        "beer_garden": {
          "pax": 92,
          "sales": 122318
        }
      }
    },
    {
      "date": "2025-04-29",
      "weekday": 1,
      "channels": {
        "lunch": {
          "pax": 28,
          "sales": 142536
        },
        "dinner": {
          "pax": 26,
          "sales": 294627
        },
        "takeout": {
          "pax": 3,
          "sales": 5509
        },
        "banquet": {
          "pax": 0,
          "sales": 0
        },
        "beer_garden": {
          "pax": 37,
          "sales": 52681
        }
      }
    },
    {
      "date": "2025-04-30",
      "weekday": 2,
      "channels": {
        "lunch": {
          "pax": 24,
          "sales": 99909
        },
        "dinner": {
          "pax": 13,
          "sales": 185672
        },
        "takeout": {
          "pax": 18,
          "sales": 14814
        },
        "banquet": {
          "pax": 0,
          "sales": 0
        },
        "beer_garden": {
          "pax": 47,
          "sales": 76454
        }
      }
    },
    {
      "date": "2025-05-01",
      "weekday": 3,
      "channels": {
        "lunch": {
          "pax": 0,
          "sales": 0
        },
        "dinner": {
          "pax": 0,
          "sales": 0
        },
        "takeout": {
          "pax": 0,
          "sales": 0
        },
        "banquet": {
          "pax": 0,
          "sales": 0
        },
        "beer_garden": {
          "pax": 0,
          "sales": 0
        }
      }
    },
    {
      "date": "2025-05-01",
      "weekday": 3,
      "channels": {
        "lunch": {
          "pax": 28,
          "sales": 113372
        },
        "dinner": {
          "pax": 11,
          "sales": 103954
        },
        "takeout": {
          "pax": 5,
          "sales": 10509
        },
        "banquet": {
          "pax": 0,
          "sales": 0
        },
        "beer_garden": {
          "pax": 118,
          "sales": 156000
        }
      }
    },
    {
      "date": "2025-05-02",
      "weekday": 4,
      "channels": {
        "lunch": {
          "pax": 13,
          "sales": 50118
        },
        "dinner": {
          "pax": 12,
          "sales": 123809
        },
        "takeout": {
          "pax": 10,
          "sales": 10231
        },
        "banquet": {
          "pax": 0,
          "sales": 0
        },
        "beer_garden": {
          "pax": 71,
          "sales": 59272
        }
      }
    },
    {
      "date": "2025-05-03",
      "weekday": 5,
      "channels": {
        "lunch": {
          "pax": 36,
          "sales": 177009
        },
        "dinner": {
          "pax": 20,
          "sales": 202699
        },
        "takeout": {
          "pax": 11,
          "sales": 5648
        },
        "banquet": {
          "pax": 0,
          "sales": 0
        },
        "beer_garden": {
          "pax": 163,
          "sales": 213727
        }
      }
    },
    {
      "date": "2025-05-04",
      "weekday": 6,
      "channels": {
        "lunch": {
          "pax": 38,
          "sales": 193872
        },
        "dinner": {
          "pax": 36,
          "sales": 387727
        },
        "takeout": {
          "pax": 4,
          "sales": 2500
        },
        "banquet": {
          "pax": 0,
          "sales": 0
        },
        "beer_garden": {
          "pax": 153,
          "sales": 175181
        }
      }
    },
    {
      "date": "2025-05-05",
      "weekday": 0,
      "channels": {
        "lunch": {
          "pax": 24,
          "sales": 138718
        },
        "dinner": {
          "pax": 31,
          "sales": 357427
        },
        "takeout": {
          "pax": 17,
          "sales": 14953
        },
        "banquet": {
          "pax": 0,
          "sales": 0
        },
        "beer_garden": {
          "pax": 155,
          "sales": 210636
        }
      }
    },
    {
      "date": "2025-05-06",
      "weekday": 1,
      "channels": {
        "lunch": {
          "pax": 31,
          "sales": 146527
        },
        "dinner": {
          "pax": 12,
          "sales": 109372
        },
        "takeout": {
          "pax": 18,
          "sales": 13194
        },
        "banquet": {
          "pax": 0,
          "sales": 0
        },
        "beer_garden": {
          "pax": 154,
          "sales": 178500
        }
      }
    },
    {
      "date": "2025-05-07",
      "weekday": 2,
      "channels": {
        "lunch": {
          "pax": 31,
          "sales": 135109
        },
        "dinner": {
          "pax": 10,
          "sales": 142500
        },
        "takeout": {
          "pax": 5,
          "sales": 12731
        },
        "banquet": {
          "pax": 0,
          "sales": 0
        },
        "beer_garden": {
          "pax": 39,
          "sales": 60636
        }
      }
    },
    {
      "date": "2025-05-08",
      "weekday": 3,
      "channels": {
        "lunch": {
          "pax": 25,
          "sales": 83136
        },
        "dinner": {
          "pax": 9,
          "sales": 157400
        },
        "takeout": {
          "pax": 4,
          "sales": 8657
        },
        "banquet": {
          "pax": 0,
          "sales": 0
        },
        "beer_garden": {
          "pax": 46,
          "sales": 47136
        }
      }
    },
    {
      "date": "2025-05-09",
      "weekday": 4,
      "channels": {
        "lunch": {
          "pax": 16,
          "sales": 74427
        },
        "dinner": {
          "pax": 8,
          "sales": 95063
        },
        "takeout": {
          "pax": 5,
          "sales": 12731
        },
        "banquet": {
          "pax": 0,
          "sales": 0
        },
        "beer_garden": {
          "pax": 75,
          "sales": 125636
        }
      }
    },
    {
      "date": "2025-05-10",
      "weekday": 5,
      "channels": {
        "lunch": {
          "pax": 27,
          "sales": 131063
        },
        "dinner": {
          "pax": 25,
          "sales": 323163
        },
        "takeout": {
          "pax": 5,
          "sales": 12731
        },
        "banquet": {
          "pax": 0,
          "sales": 0
        },
        "beer_garden": {
          "pax": 75,
          "sales": 98727
        }
      }
    },
    {
      "date": "2025-05-11",
      "weekday": 6,
      "channels": {
        "lunch": {
          "pax": 36,
          "sales": 200690
        },
        "dinner": {
          "pax": 21,
          "sales": 228699
        },
        "takeout": {
          "pax": 6,
          "sales": 15277
        },
        "banquet": {
          "pax": 0,
          "sales": 0
        },
        "beer_garden": {
          "pax": 108,
          "sales": 128318
        }
      }
    },
    {
      "date": "2025-05-12",
      "weekday": 0,
      "channels": {
        "lunch": {
          "pax": 36,
          "sales": 129572
        },
        "dinner": {
          "pax": 13,
          "sales": 125909
        },
        "takeout": {
          "pax": 2,
          "sales": 6620
        },
        "banquet": {
          "pax": 0,
          "sales": 0
        },
        "beer_garden": {
          "pax": 79,
          "sales": 109454
        }
      }
    },
    {
      "date": "2025-05-13",
      "weekday": 1,
      "channels": {
        "lunch": {
          "pax": 28,
          "sales": 105118
        },
        "dinner": {
          "pax": 13,
          "sales": 139263
        },
        "takeout": {
          "pax": 2,
          "sales": 5092
        },
        "banquet": {
          "pax": 37,
          "sales": 190213
        },
        "beer_garden": {
          "pax": 57,
          "sales": 81636
        }
      }
    },
    {
      "date": "2025-05-14",
      "weekday": 2,
      "channels": {
        "lunch": {
          "pax": 13,
          "sales": 39918
        },
        "dinner": {
          "pax": 37,
          "sales": 572727
        },
        "takeout": {
          "pax": 4,
          "sales": 10185
        },
        "banquet": {
          "pax": 0,
          "sales": 0
        },
        "beer_garden": {
          "pax": 59,
          "sales": 95636
        }
      }
    },
    {
      "date": "2025-05-15",
      "weekday": 3,
      "channels": {
        "lunch": {
          "pax": 26,
          "sales": 99172
        },
        "dinner": {
          "pax": 2,
          "sales": 21909
        },
        "takeout": {
          "pax": 6,
          "sales": 15277
        },
        "banquet": {
          "pax": 0,
          "sales": 0
        },
        "beer_garden": {
          "pax": 73,
          "sales": 95590
        }
      }
    },
    {
      "date": "2025-05-16",
      "weekday": 4,
      "channels": {
        "lunch": {
          "pax": 25,
          "sales": 103490
        },
        "dinner": {
          "pax": 19,
          "sales": 236809
        },
        "takeout": {
          "pax": 8,
          "sales": 20370
        },
        "banquet": {
          "pax": 0,
          "sales": 0
        },
        "beer_garden": {
          "pax": 110,
          "sales": 122863
        }
      }
    },
    {
      "date": "2025-05-17",
      "weekday": 5,
      "channels": {
        "lunch": {
          "pax": 55,
          "sales": 297690
        },
        "dinner": {
          "pax": 28,
          "sales": 317645
        },
        "takeout": {
          "pax": 0,
          "sales": 0
        },
        "banquet": {
          "pax": 0,
          "sales": 0
        },
        "beer_garden": {
          "pax": 190,
          "sales": 235954
        }
      }
    },
    {
      "date": "2025-05-18",
      "weekday": 6,
      "channels": {
        "lunch": {
          "pax": 41,
          "sales": 184599
        },
        "dinner": {
          "pax": 6,
          "sales": 76690
        },
        "takeout": {
          "pax": 5,
          "sales": 1157
        },
        "banquet": {
          "pax": 0,
          "sales": 0
        },
        "beer_garden": {
          "pax": 234,
          "sales": 328863
        }
      }
    },
    {
      "date": "2025-05-19",
      "weekday": 0,
      "channels": {
        "lunch": {
          "pax": 31,
          "sales": 120509
        },
        "dinner": {
          "pax": 6,
          "sales": 61609
        },
        "takeout": {
          "pax": 4,
          "sales": 10185
        },
        "banquet": {
          "pax": 0,
          "sales": 0
        },
        "beer_garden": {
          "pax": 0,
          "sales": 0
        }
      }
    },
    {
      "date": "2025-05-20",
      "weekday": 1,
      "channels": {
        "lunch": {
          "pax": 24,
          "sales": 99918
        },
        "dinner": {
          "pax": 12,
          "sales": 119099
        },
        "takeout": {
          "pax": 0,
          "sales": 0
        },
        "banquet": {
          "pax": 0,
          "sales": 0
        },
        "beer_garden": {
          "pax": 0,
          "sales": 0
        }
      }
    },
    {
      "date": "2025-05-21",
      "weekday": 2,
      "channels": {
        "lunch": {
          "pax": 27,
          "sales": 96499
        },
        "dinner": {
          "pax": 6,
          "sales": 84718
        },
        "takeout": {
          "pax": 6,
          "sales": 15277
        },
        "banquet": {
          "pax": 36,
          "sales": 170836
        },
        "beer_garden": {
          "pax": 0,
          "sales": 0
        }
      }
    },
    {
      "date": "2025-05-22",
      "weekday": 3,
      "channels": {
        "lunch": {
          "pax": 31,
          "sales": 119054
        },
        "dinner": {
          "pax": 12,
          "sales": 125772
        },
        "takeout": {
          "pax": 5,
          "sales": 13842
        },
        "banquet": {
          "pax": 22,
          "sales": 88859
        },
        "beer_garden": {
          "pax": 0,
          "sales": 0
        }
      }
    },
    {
      "date": "2025-05-23",
      "weekday": 4,
      "channels": {
        "lunch": {
          "pax": 27,
          "sales": 151309
        },
        "dinner": {
          "pax": 20,
          "sales": 216854
        },
        "takeout": {
          "pax": 4,
          "sales": 14009
        },
        "banquet": {
          "pax": 50,
          "sales": 217499
        },
        "beer_garden": {
          "pax": 0,
          "sales": 0
        }
      }
    },
    {
      "date": "2025-05-24",
      "weekday": 5,
      "channels": {
        "lunch": {
          "pax": 37,
          "sales": 173881
        },
        "dinner": {
          "pax": 22,
          "sales": 231945
        },
        "takeout": {
          "pax": 4,
          "sales": 10185
        },
        "banquet": {
          "pax": 0,
          "sales": 0
        },
        "beer_garden": {
          "pax": 0,
          "sales": 0
        }
      }
    },
    {
      "date": "2025-05-25",
      "weekday": 6,
      "channels": {
        "lunch": {
          "pax": 30,
          "sales": 146809
        },
        "dinner": {
          "pax": 20,
          "sales": 236645
        },
        "takeout": {
          "pax": 6,
          "sales": 15277
        },
        "banquet": {
          "pax": 0,
          "sales": 0
        },
        "beer_garden": {
          "pax": 0,
          "sales": 0
        }
      }
    },
    {
      "date": "2025-05-26",
      "weekday": 0,
      "channels": {
        "lunch": {
          "pax": 11,
          "sales": 39354
        },
        "dinner": {
          "pax": 16,
          "sales": 183727
        },
        "takeout": {
          "pax": 6,
          "sales": 15277
        },
        "banquet": {
          "pax": 0,
          "sales": 0
        },
        "beer_garden": {
          "pax": 0,
          "sales": 0
        }
      }
    },
    {
      "date": "2025-05-27",
      "weekday": 1,
      "channels": {
        "lunch": {
          "pax": 28,
          "sales": 114872
        },
        "dinner": {
          "pax": 14,
          "sales": 153927
        },
        "takeout": {
          "pax": 8,
          "sales": 20370
        },
        "banquet": {
          "pax": 60,
          "sales": 284727
        },
        "beer_garden": {
          "pax": 0,
          "sales": 0
        }
      }
    },
    {
      "date": "2025-05-28",
      "weekday": 2,
      "channels": {
        "lunch": {
          "pax": 26,
          "sales": 103699
        },
        "dinner": {
          "pax": 13,
          "sales": 114127
        },
        "takeout": {
          "pax": 2,
          "sales": 5092
        },
        "banquet": {
          "pax": 19,
          "sales": 75136
        },
        "beer_garden": {
          "pax": 0,
          "sales": 0
        }
      }
    },
    {
      "date": "2025-05-29",
      "weekday": 3,
      "channels": {
        "lunch": {
          "pax": 30,
          "sales": 117718
        },
        "dinner": {
          "pax": 12,
          "sales": 143090
        },
        "takeout": {
          "pax": 11,
          "sales": 20925
        },
        "banquet": {
          "pax": 15,
          "sales": 6525
        },
        "beer_garden": {
          "pax": 0,
          "sales": 0
        }
      }
    },
    {
      "date": "2025-05-30",
      "weekday": 4,
      "channels": {
        "lunch": {
          "pax": 20,
          "sales": 60599
        },
        "dinner": {
          "pax": 12,
          "sales": 141654
        },
        "takeout": {
          "pax": 2,
          "sales": 5092
        },
        "banquet": {
          "pax": 82,
          "sales": 435790
        },
        "beer_garden": {
          "pax": 218,
          "sales": 882972
        }
      }
    },
    {
      "date": "2025-05-31",
      "weekday": 5,
      "channels": {
        "lunch": {
          "pax": 23,
          "sales": 112163
        },
        "dinner": {
          "pax": 21,
          "sales": 239709
        },
        "takeout": {
          "pax": 6,
          "sales": 15277
        },
        "banquet": {
          "pax": 0,
          "sales": 0
        },
        "beer_garden": {
          "pax": 433,
          "sales": 1705472
        }
      }
    },
    {
      "date": "2025-06-01",
      "weekday": 6,
      "channels": {
        "lunch": {
          "pax": 36,
          "sales": 179100
        },
        "dinner": {
          "pax": 26,
          "sales": 276045
        },
        "takeout": {
          "pax": 6,
          "sales": 15277
        },
        "banquet": {
          "pax": 0,
          "sales": 0
        },
        "beer_garden": {
          "pax": 337,
          "sales": 1417863
        }
      }
    },
    {
      "date": "2025-06-02",
      "weekday": 0,
      "channels": {
        "lunch": {
          "pax": 30,
          "sales": 127618
        },
        "dinner": {
          "pax": 1,
          "sales": 14699
        },
        "takeout": {
          "pax": 8,
          "sales": 20370
        },
        "banquet": {
          "pax": 72,
          "sales": 296590
        },
        "beer_garden": {
          "pax": 99,
          "sales": 321909
        }
      }
    },
    {
      "date": "2025-06-03",
      "weekday": 1,
      "channels": {
        "lunch": {
          "pax": 24,
          "sales": 86363
        },
        "dinner": {
          "pax": 8,
          "sales": 82263
        },
        "takeout": {
          "pax": 5,
          "sales": 12731
        },
        "banquet": {
          "pax": 0,
          "sales": 0
        },
        "beer_garden": {
          "pax": 74,
          "sales": 193136
        }
      }
    },
    {
      "date": "2025-06-04",
      "weekday": 2,
      "channels": {
        "lunch": {
          "pax": 31,
          "sales": 111054
        },
        "dinner": {
          "pax": 28,
          "sales": 335227
        },
        "takeout": {
          "pax": 6,
          "sales": 15277
        },
        "banquet": {
          "pax": 35,
          "sales": 221454
        },
        "beer_garden": {
          "pax": 128,
          "sales": 554954
        }
      }
    },
    {
      "date": "2025-06-05",
      "weekday": 3,
      "channels": {
        "lunch": {
          "pax": 25,
          "sales": 99599
        },
        "dinner": {
          "pax": 6,
          "sales": 88254
        },
        "takeout": {
          "pax": 2,
          "sales": 5092
        },
        "banquet": {
          "pax": 0,
          "sales": 0
        },
        "beer_garden": {
          "pax": 50,
          "sales": 142909
        }
      }
    },
    {
      "date": "2025-06-06",
      "weekday": 4,
      "channels": {
        "lunch": {
          "pax": 25,
          "sales": 93999
        },
        "dinner": {
          "pax": 26,
          "sales": 321218
        },
        "takeout": {
          "pax": 5,
          "sales": 12731
        },
        "banquet": {
          "pax": 34,
          "sales": 161345
        },
        "beer_garden": {
          "pax": 240,
          "sales": 925818
        }
      }
    },
    {
      "date": "2025-06-07",
      "weekday": 5,
      "channels": {
        "lunch": {
          "pax": 28,
          "sales": 133109
        },
        "dinner": {
          "pax": 21,
          "sales": 273518
        },
        "takeout": {
          "pax": 6,
          "sales": 15277
        },
        "banquet": {
          "pax": 56,
          "sales": 254198
        },
        "beer_garden": {
          "pax": 307,
          "sales": 1131300
        }
      }
    },
    {
      "date": "2025-06-08",
      "weekday": 6,
      "channels": {
        "lunch": {
          "pax": 34,
          "sales": 196536
        },
        "dinner": {
          "pax": 10,
          "sales": 91972
        },
        "takeout": {
          "pax": 7,
          "sales": 17824
        },
        "banquet": {
          "pax": 0,
          "sales": 0
        },
        "beer_garden": {
          "pax": 212,
          "sales": 788118
        }
      }
    },
    {
      "date": "2025-06-09",
      "weekday": 0,
      "channels": {
        "lunch": {
          "pax": 27,
          "sales": 103472
        },
        "dinner": {
          "pax": 12,
          "sales": 130509
        },
        "takeout": {
          "pax": 4,
          "sales": 10185
        },
        "banquet": {
          "pax": 0,
          "sales": 0
        },
        "beer_garden": {
          "pax": 242,
          "sales": 1036909
        }
      }
    },
    {
      "date": "2025-06-10",
      "weekday": 1,
      "channels": {
        "lunch": {
          "pax": 29,
          "sales": 90681
        },
        "dinner": {
          "pax": 10,
          "sales": 96063
        },
        "takeout": {
          "pax": 6,
          "sales": 15277
        },
        "banquet": {
          "pax": 0,
          "sales": 0
        },
        "beer_garden": {
          "pax": 196,
          "sales": 778818
        }
      }
    },
    {
      "date": "2025-06-11",
      "weekday": 2,
      "channels": {
        "lunch": {
          "pax": 15,
          "sales": 57654
        },
        "dinner": {
          "pax": 8,
          "sales": 86372
        },
        "takeout": {
          "pax": 6,
          "sales": 15277
        },
        "banquet": {
          "pax": 8,
          "sales": 3479
        },
        "beer_garden": {
          "pax": 163,
          "sales": 502590
        }
      }
    },
    {
      "date": "2025-06-12",
      "weekday": 3,
      "channels": {
        "lunch": {
          "pax": 24,
          "sales": 114463
        },
        "dinner": {
          "pax": 10,
          "sales": 96799
        },
        "takeout": {
          "pax": 6,
          "sales": 17129
        },
        "banquet": {
          "pax": 0,
          "sales": 0
        },
        "beer_garden": {
          "pax": 100,
          "sales": 393645
        }
      }
    },
    {
      "date": "2025-06-13",
      "weekday": 4,
      "channels": {
        "lunch": {
          "pax": 22,
          "sales": 82609
        },
        "dinner": {
          "pax": 10,
          "sales": 110563
        },
        "takeout": {
          "pax": 6,
          "sales": 15277
        },
        "banquet": {
          "pax": 27,
          "sales": 128127
        },
        "beer_garden": {
          "pax": 275,
          "sales": 1092918
        }
      }
    },
    {
      "date": "2025-06-14",
      "weekday": 5,
      "channels": {
        "lunch": {
          "pax": 35,
          "sales": 173690
        },
        "dinner": {
          "pax": 32,
          "sales": 331818
        },
        "takeout": {
          "pax": 6,
          "sales": 15277
        },
        "banquet": {
          "pax": 0,
          "sales": 0
        },
        "beer_garden": {
          "pax": 425,
          "sales": 1621390
        }
      }
    },
    {
      "date": "2025-06-15",
      "weekday": 6,
      "channels": {
        "lunch": {
          "pax": 26,
          "sales": 124718
        },
        "dinner": {
          "pax": 21,
          "sales": 250463
        },
        "takeout": {
          "pax": 6,
          "sales": 15694
        },
        "banquet": {
          "pax": 0,
          "sales": 0
        },
        "beer_garden": {
          "pax": 251,
          "sales": 998536
        }
      }
    },
    {
      "date": "2025-06-16",
      "weekday": 0,
      "channels": {
        "lunch": {
          "pax": 27,
          "sales": 123190
        },
        "dinner": {
          "pax": 19,
          "sales": 206309
        },
        "takeout": {
          "pax": 6,
          "sales": 15277
        },
        "banquet": {
          "pax": 0,
          "sales": 0
        },
        "beer_garden": {
          "pax": 281,
          "sales": 828363
        }
      }
    },
    {
      "date": "2025-06-17",
      "weekday": 1,
      "channels": {
        "lunch": {
          "pax": 24,
          "sales": 101627
        },
        "dinner": {
          "pax": 4,
          "sales": 36163
        },
        "takeout": {
          "pax": 4,
          "sales": 16296
        },
        "banquet": {
          "pax": 68,
          "sales": 322690
        },
        "beer_garden": {
          "pax": 248,
          "sales": 931390
        }
      }
    },
    {
      "date": "2025-06-18",
      "weekday": 2,
      "channels": {
        "lunch": {
          "pax": 24,
          "sales": 86890
        },
        "dinner": {
          "pax": 37,
          "sales": 321900
        },
        "takeout": {
          "pax": 6,
          "sales": 15277
        },
        "banquet": {
          "pax": 0,
          "sales": 0
        },
        "beer_garden": {
          "pax": 368,
          "sales": 1353727
        }
      }
    },
    {
      "date": "2025-06-19",
      "weekday": 3,
      "channels": {
        "lunch": {
          "pax": 31,
          "sales": 108063
        },
        "dinner": {
          "pax": 12,
          "sales": 137690
        },
        "takeout": {
          "pax": 4,
          "sales": 10185
        },
        "banquet": {
          "pax": 0,
          "sales": 0
        },
        "beer_garden": {
          "pax": 266,
          "sales": 1088000
        }
      }
    },
    {
      "date": "2025-06-20",
      "weekday": 4,
      "channels": {
        "lunch": {
          "pax": 18,
          "sales": 67918
        },
        "dinner": {
          "pax": 28,
          "sales": 245472
        },
        "takeout": {
          "pax": 5,
          "sales": 12731
        },
        "banquet": {
          "pax": 38,
          "sales": 259418
        },
        "beer_garden": {
          "pax": 405,
          "sales": 1696936
        }
      }
    },
    {
      "date": "2025-06-21",
      "weekday": 5,
      "channels": {
        "lunch": {
          "pax": 38,
          "sales": 173790
        },
        "dinner": {
          "pax": 11,
          "sales": 157763
        },
        "takeout": {
          "pax": 6,
          "sales": 15277
        },
        "banquet": {
          "pax": 49,
          "sales": 143550
        },
        "beer_garden": {
          "pax": 296,
          "sales": 1219245
        }
      }
    },
    {
      "date": "2025-06-22",
      "weekday": 6,
      "channels": {
        "lunch": {
          "pax": 39,
          "sales": 153754
        },
        "dinner": {
          "pax": 23,
          "sales": 229209
        },
        "takeout": {
          "pax": 6,
          "sales": 15277
        },
        "banquet": {
          "pax": 0,
          "sales": 0
        },
        "beer_garden": {
          "pax": 276,
          "sales": 1232872
        }
      }
    },
    {
      "date": "2025-06-23",
      "weekday": 0,
      "channels": {
        "lunch": {
          "pax": 22,
          "sales": 72981
        },
        "dinner": {
          "pax": 9,
          "sales": 112990
        },
        "takeout": {
          "pax": 2,
          "sales": 8796
        },
        "banquet": {
          "pax": 0,
          "sales": 0
        },
        "beer_garden": {
          "pax": 285,
          "sales": 1168290
        }
      }
    },
    {
      "date": "2025-06-24",
      "weekday": 1,
      "channels": {
        "lunch": {
          "pax": 27,
          "sales": 129245
        },
        "dinner": {
          "pax": 16,
          "sales": 191199
        },
        "takeout": {
          "pax": 4,
          "sales": 10185
        },
        "banquet": {
          "pax": 11,
          "sales": 52199
        },
        "beer_garden": {
          "pax": 346,
          "sales": 1411863
        }
      }
    },
    {
      "date": "2025-06-25",
      "weekday": 2,
      "channels": {
        "lunch": {
          "pax": 26,
          "sales": 112081
        },
        "dinner": {
          "pax": 16,
          "sales": 169081
        },
        "takeout": {
          "pax": 4,
          "sales": 11111
        },
        "banquet": {
          "pax": 73,
          "sales": 461890
        },
        "beer_garden": {
          "pax": 412,
          "sales": 1835472
        }
      }
    },
    {
      "date": "2025-06-26",
      "weekday": 3,
      "channels": {
        "lunch": {
          "pax": 24,
          "sales": 91509
        },
        "dinner": {
          "pax": 21,
          "sales": 205236
        },
        "takeout": {
          "pax": 2,
          "sales": 5092
        },
        "banquet": {
          "pax": 0,
          "sales": 0
        },
        "beer_garden": {
          "pax": 425,
          "sales": 1668799
        }
      }
    },
    {
      "date": "2025-06-27",
      "weekday": 4,
      "channels": {
        "lunch": {
          "pax": 29,
          "sales": 123109
        },
        "dinner": {
          "pax": 17,
          "sales": 208081
        },
        "takeout": {
          "pax": 4,
          "sales": 11111
        },
        "banquet": {
          "pax": 35,
          "sales": 221454
        },
        "beer_garden": {
          "pax": 303,
          "sales": 1534981
        }
      }
    },
    {
      "date": "2025-06-28",
      "weekday": 5,
      "channels": {
        "lunch": {
          "pax": 43,
          "sales": 161536
        },
        "dinner": {
          "pax": 25,
          "sales": 333118
        },
        "takeout": {
          "pax": 6,
          "sales": 15277
        },
        "banquet": {
          "pax": 35,
          "sales": 166090
        },
        "beer_garden": {
          "pax": 559,
          "sales": 2461254
        }
      }
    },
    {
      "date": "2025-06-29",
      "weekday": 6,
      "channels": {
        "lunch": {
          "pax": 23,
          "sales": 110463
        },
        "dinner": {
          "pax": 20,
          "sales": 210845
        },
        "takeout": {
          "pax": 8,
          "sales": 20370
        },
        "banquet": {
          "pax": 0,
          "sales": 0
        },
        "beer_garden": {
          "pax": 452,
          "sales": 1830838
        }
      }
    },
    {
      "date": "2025-06-30",
      "weekday": 0,
      "channels": {
        "lunch": {
          "pax": 25,
          "sales": 111463
        },
        "dinner": {
          "pax": 5,
          "sales": 63209
        },
        "takeout": {
          "pax": 0,
          "sales": 0
        },
        "banquet": {
          "pax": 0,
          "sales": 0
        },
        "beer_garden": {
          "pax": 259,
          "sales": 969509
        }
      }
    },
    {
      "date": "2025-07-01",
      "weekday": 1,
      "channels": {
        "lunch": {
          "pax": 0,
          "sales": 0
        },
        "dinner": {
          "pax": 0,
          "sales": 0
        },
        "takeout": {
          "pax": 0,
          "sales": 0
        },
        "banquet": {
          "pax": 0,
          "sales": 0
        },
        "beer_garden": {
          "pax": 0,
          "sales": 0
        }
      }
    }
  ],
  "validation": {
    "status": "PASS",
    "checks": [
      {
        "check": "2025-04_lunch_sales_match",
        "result": "PASS",
        "detail": "完全一致 ¥3,072,524"
      },
      {
        "check": "2025-04_dinner_sales_match",
        "result": "PASS",
        "detail": "完全一致 ¥4,571,790"
      },
      {
        "check": "2025-04_takeout_sales_match",
        "result": "PASS",
        "detail": "完全一致 ¥241,650"
      },
      {
        "check": "2025-04_banquet_sales_match",
        "result": "PASS",
        "detail": "完全一致 ¥1,977,580"
      },
      {
        "check": "2025-04_beer_garden_sales_match",
        "result": "PASS",
        "detail": "完全一致 ¥539,150"
      },
      {
        "check": "2025-04_ld_consistency",
        "result": "PASS",
        "detail": "L(3,072,524)+D(4,571,790)=7,644,314 = L+D合計(7,644,314)"
      },
      {
        "check": "2025-05_lunch_sales_match",
        "result": "PASS",
        "detail": "完全一致 ¥4,246,000"
      },
      {
        "check": "2025-05_dinner_sales_match",
        "result": "PASS",
        "detail": "完全一致 ¥6,353,220"
      },
      {
        "check": "2025-05_takeout_sales_match",
        "result": "PASS",
        "detail": "完全一致 ¥365,780"
      },
      {
        "check": "2025-05_banquet_sales_match",
        "result": "PASS",
        "detail": "完全一致 ¥1,616,548"
      },
      {
        "check": "2025-05_beer_garden_sales_match",
        "result": "PASS",
        "detail": "完全一致 ¥5,623,440"
      },
      {
        "check": "2025-05_ld_consistency",
        "result": "PASS",
        "detail": "L(4,246,000)+D(6,353,220)=10,599,220 = L+D合計(10,599,220)"
      },
      {
        "check": "2025-06_lunch_sales_match",
        "result": "PASS",
        "detail": "完全一致 ¥3,852,530"
      },
      {
        "check": "2025-06_dinner_sales_match",
        "result": "PASS",
        "detail": "完全一致 ¥5,955,470"
      },
      {
        "check": "2025-06_takeout_sales_match",
        "result": "PASS",
        "detail": "完全一致 ¥433,050"
      },
      {
        "check": "2025-06_banquet_sales_match",
        "result": "PASS",
        "detail": "完全一致 ¥2,961,741"
      },
      {
        "check": "2025-06_beer_garden_sales_match",
        "result": "PASS",
        "detail": "完全一致 ¥36,445,602"
      },
      {
        "check": "2025-06_ld_consistency",
        "result": "PASS",
        "detail": "L(3,852,530)+D(5,955,470)=9,808,000 = L+D合計(9,808,000)"
      }
    ]
  }
}